@article{2018_Krakovna_penaslizing,
  title={Penalizing side effects using stepwise relative reachability},
  author={Krakovna, Victoria and Orseau, Laurent and Kumar, Ramana and Martic, Miljan and Legg, Shane},
  journal={arXiv preprint arXiv:1806.01186},
  year={2018}
}

@article{2018_Krakovna_measuring,
	title={Measuring and avoiding side effects using relative reachability},
	author={Krakovna, Victoria and Orseau, Laurent and Martic, Miljan and Legg, Shane},
	journal={arXiv preprint arXiv:1806.01186},
	year={2018}
}

@article{2020_Turner_avoiding,
	title={Avoiding side effects in complex environments},
	author={Turner, Alex and Ratzlaff, Neale and Tadepalli, Prasad},
	journal={Advances in Neural Information Processing Systems},
	volume={33},
	pages={21406--21415},
	year={2020}
}

@inproceedings{2020_Turner_conservative,
	title={Conservative agency via attainable utility preservation},
	author={Turner, Alexander Matt and Hadfield-Menell, Dylan and Tadepalli, Prasad},
	booktitle={Proceedings of the AAAI/ACM Conference on AI, Ethics, and Society},
	pages={385--391},
	year={2020}
}
